<?xml version="1.0" encoding="UTF-8"?><collection xmlns="http://www.loc.gov/MARC21/slim"><record><leader>00469nam--2200181-u-4500</leader><controlfield tag="001">000050677</controlfield><controlfield tag="002">20161230</controlfield><controlfield tag="005">20161230201048</controlfield><controlfield tag="008">080311s1000------------r-----000-0-eng-d</controlfield><datafield ind1=" " ind2=" " tag="020"><subfield code="a">0226870359</subfield></datafield><datafield ind1=" " ind2=" " tag="040"><subfield code="a">IFIN-HH</subfield></datafield><datafield ind1=" " ind2=" " tag="080"><subfield code="a">524.882:524.338</subfield></datafield><datafield ind1="1" ind2=" " tag="100"><subfield code="a">Wald R.M</subfield></datafield><datafield ind1="1" ind2="0" tag="245"><subfield code="a">Black holes and relativistic stars</subfield><subfield code="c">Robert m. wald (ed.)</subfield></datafield><datafield ind1=" " ind2=" " tag="260"><subfield code="a">Chicago</subfield><subfield code="b">University Of Chicago Press</subfield><subfield code="c">1998</subfield></datafield><datafield ind1=" " ind2=" " tag="300"><subfield code="a">278 p</subfield></datafield><datafield ind1=" " ind2=" " tag="852"><subfield code="c">523</subfield></datafield><datafield ind1=" " ind2=" " tag="CAT"><subfield code="a">Sys</subfield><subfield code="c">20141210</subfield><subfield code="h">163311</subfield></datafield></record></collection>